@article{jones1998efficient,
  title={Efficient global optimization of expensive black-box functions},
  author={Jones, Donald R and Schonlau, Matthias and Welch, William J},
  journal={Journal of Global optimization},
  volume={13},
  number={4},
  pages={455--492},
  year={1998},
  publisher={Springer}
}

@incollection{hoos2011automated,
  title={Automated algorithm configuration and parameter tuning},
  author={Hoos, Holger H},
  booktitle={Autonomous search},
  pages={37--71},
  year={2011},
  publisher={Springer}
}

@article{hutter2009paramils,
    author = {Hutter, Frank and Hoos, Holder H and Leyton-Brown, Kevin and St\"{u}tzle, Thomas},
    title = {{ParamILS:} An Automatic Algorithm Configuration Framework},
    journal={Journal of Artificial Intelligence Research},
    year = 2009,
    volume = 36,
    pages = "267--306"
}

@incollection{de2013software,
  title={Software engineering for self-adaptive systems: A second research roadmap},
  author={De Lemos, Rog{\'e}rio and Giese, Holger and M{\"u}ller, Hausi A and Shaw, Mary and Andersson, Jesper and Litoiu, Marin and Schmerl, Bradley and Tamura, Gabriel and Villegas, Norha M and Vogel, Thomas and others},
  booktitle={Software Engineering for Self-Adaptive Systems II},
  pages={1--32},
  year={2013},
  publisher={Springer}
}

@article{oreizy1999architecture,
  title={An architecture-based approach to self-adaptive software},
  author={Oreizy, Peyman and Gorlick, Michael M and Taylor, Richard N and Heimbigner, Dennis and Johnson, Gregory and Medvidovic, Nenad and Quilici, Alex and Rosenblum, David S and Wolf, Alexander L},
  journal={IEEE Intelligent systems},
  volume={14},
  number={3},
  pages={54--62},
  year={1999},
  publisher={IEEE Educational Activities Department}
}

@article{hide2003adaptive,
  title={Adaptive Kalman filtering for low-cost INS/GPS},
  author={Hide, Christopher and Moore, Terry and Smith, Martin},
  journal={The Journal of Navigation},
  volume={56},
  number={01},
  pages={143--152},
  year={2003},
  publisher={Cambridge Univ Press}
}

@article{sacks1989design,
  title={Design and analysis of computer experiments},
  author={Sacks, Jerome and Welch, William J and Mitchell, Toby J and Wynn, Henry P},
  journal={Statistical science},
  pages={409--423},
  year={1989},
  publisher={JSTOR}
}

@inproceedings{bartz2005sequential,
  title={Sequential parameter optimization},
  author={Bartz-Beielstein, Thomas and Lasarczyk, Christian WG and Preuss, Mike},
  booktitle={2005 IEEE congress on evolutionary computation},
  volume={1},
  pages={773--780},
  year={2005},
  organization={IEEE}
}

@article{castillo2009adaptive,
  title={Adaptive Bayesian network classifiers},
  author={Castillo, Gladys and Gama, Jo{\~a}o},
  journal={Intelligent Data Analysis},
  volume={13},
  number={1},
  pages={39--59},
  year={2009},
  publisher={IOS Press}
}

@book{murphy2012machine,
  title={Machine learning: a probabilistic perspective},
  author={Murphy, Kevin P},
  year={2012},
  publisher={MIT press}
}

@article{scott1979optimal,
  title={On optimal and data-based histograms},
  author={Scott, David W},
  journal={Biometrika},
  volume={66},
  number={3},
  pages={605--610},
  year={1979},
  publisher={Biometrika Trust}
}

@incollection{rasmussen2004gaussian,
  title={Gaussian processes in machine learning},
  author={Rasmussen, Carl Edward},
  booktitle={Advanced lectures on machine learning},
  pages={63--71},
  year={2004},
  publisher={Springer}
}

@article{rutan1991adaptive,
  title={Adaptive kalman filtering},
  author={Rutan, Sarah C},
  journal={Analytical Chemistry},
  volume={63},
  number={22},
  pages={1103A--1109A},
  year={1991},
  publisher={ACS Publications}
}

@inproceedings{oussalah2001adaptive,
  title={Adaptive Kalman filter for noise identification},
  author={Oussalah, M and De Schutter, Joris},
  booktitle={Proceedings of the International Seminar on Modal Analysis},
  volume={3},
  pages={1225--1232},
  year={2001},
  organization={KU Leuven; 1998}
}

@inproceedings{wang2010adaptive,
  title={Adaptive Kalman filtering based on posteriori variance-covariance components estimation},
  author={Wang, J and Gopaul, S and Guo, Jiming},
  booktitle={Proceeding of the CPGPS Technical Forum Satellite Navigation and Positioning, Shanghai, China},
  volume={1720},
  pages={111},
  year={2010}
}

@incollection{nguyen2009local,
	title = {Local Gaussian Process Regression for Real Time Online Model Learning},
	author = {Duy Nguyen-tuong and Jan R. Peters and Matthias Seeger},
	booktitle = {Advances in Neural Information Processing Systems 21},
	editor = {D. Koller and D. Schuurmans and Y. Bengio and L. Bottou},
	pages = {1193--1200},
	year = {2009},
	publisher = {Curran Associates, Inc.}
}

@article{cao2003support,
  title={Support vector machine with adaptive parameters in financial time series forecasting},
  author={Cao, Li-Juan and Tay, Francis Eng Hock},
  journal={IEEE Transactions on neural networks},
  volume={14},
  number={6},
  pages={1506--1518},
  year={2003},
  publisher={IEEE}
}

@article{lehman1998software, 
	author={M. M. Lehman}, 
	journal={IEEE Software}, 
	title={Software's future: managing evolution}, 
	year={1998}, 
	volume={15}, 
	number={1}, 
	pages={40-44}, 
	ISSN={0740-7459}, 
	month={Jan}
}

@inproceedings{baker2006search,
  title={Search based approaches to component selection and prioritization for the next release problem},
  author={Baker, Paul and Harman, Mark and Steinhofel, Kathleen and Skaliotis, Alexandros},
  booktitle={2006 22nd IEEE International Conference on Software Maintenance},
  pages={176--185},
  year={2006},
  organization={IEEE}
}

@article{morkos2012predicting,
  title={Predicting requirement change propagation, using higher order design structure matrices: an industry case study},
  author={Morkos, Beshoy and Shankar, Prabhu and Summers, Joshua D},
  journal={Journal of Engineering Design},
  volume={23},
  number={12},
  pages={905--926},
  year={2012},
  publisher={Taylor \& Francis}
}

@article{garlan2004rainbow,
  title={Rainbow: Architecture-based self-adaptation with reusable infrastructure},
  author={Garlan, David and Cheng, S-W and Huang, A-C and Schmerl, Bradley and Steenkiste, Peter},
  journal={Computer},
  volume={37},
  number={10},
  pages={46--54},
  year={2004},
  publisher={IEEE}
}

@article{morin2009models,
  title={Models at run time to support dynamic adaptation},
  author={Morin, Brice and Barais, Olivier and J{\'e}z{\'e}quel, Jean-Marc and Fleurey, Franck and Solberg, Arnor},
  journal={Computer},
  pages={46--53},
  year={2009},
  publisher={IEEE}
}

@article{hansen2003reducing,
  title={Reducing the time complexity of the derandomized evolution strategy with covariance matrix adaptation (CMA-ES)},
  author={Hansen, Nikolaus and M{\"u}ller, Sibylle D and Koumoutsakos, Petros},
  journal={Evolutionary computation},
  volume={11},
  number={1},
  pages={1--18},
  year={2003},
  publisher={MIT Press}
}

@article{garant2016evaluating,
   author  = {Dan Garant and David Jensen},
   title   = {Evaluating Causal Models by Comparing Interventional Distributions},
   year    = {2016},
   journal = {KDD Workshop on Causal Discovery}
}

@inproceedings{pfeffer2010practical,
  title={Practical probabilistic programming},
  author={Pfeffer, Avi},
  booktitle={International Conference on Inductive Logic Programming},
  pages={2--3},
  year={2010},
  organization={Springer}
}


@article{yildirim2013online,
    author = {Sinan Yildirim and Sumeetpal S. Singh  and Arnaud  Doucet},
    title = {An Online Expectation-Maximization Algorithm for Changepoint Models},
    journal = {Journal of Computational and Graphical Statistics},
    volume = {22},
    number = {4},
    pages = {906-926},
    year = {2013}
}

@incollection{neal1998view,
  title={A view of the EM algorithm that justifies incremental, sparse, and other variants},
  author={Neal, Radford M and Hinton, Geoffrey E},
  booktitle={Learning in graphical models},
  pages={355--368},
  year={1998},
  publisher={Springer}
}

